@Article{xianweisumeifuzhushuizhengqi,
	author = {辜雪冬 and 肖娟 and 周康 and 胡滨 and 苏赵},
	title = {纤维素酶辅助水蒸气蒸馏提取柠檬果皮精油工艺优化},
	journal = {食品与机械},
	year = {2018},
	authoraddress = {西藏农牧学院食品科学学院;四川农业大学食品学院;},
	volume = {34},
	issue = {08},
	pages = {145-152},
	keywords = {柠檬精油;纤维素酶;水蒸气蒸馏;气相色谱-质谱法;扫描电镜},
	abstract = {以},
	ISBN = {1003-5788},
	ISSN = {1003-5788},
	notes = {43-1183/TS},
	databaseprovider = {CNKI},
}

@Article{jupijingyoude,
	author = {郭润霞 and 谭兴和 and 张喻 and 王锋 and 蔡文 and 胡笑安},
	title = {橘皮精油的提取与应用研究进展},
	journal = {食品工业},
	year = {2011},
	authoraddress = {湖南农业大学食品科技学院;食品科学与生物技术湖南省重点实验室;},
	volume = {32},
	issue = {08},
	pages = {100-102},
	keywords = {柑橘皮;香精油;提取;应用},
	abstract = {柑橘果皮中含有丰富的精油。柑橘精油无色透明,具有诱人的橘香味,在食品、医药、化妆品等领域具有广泛的应用。该文综述了柑橘果皮中香精油的提取方法及其应用现状,为柑橘香精油的开发利用提供理论依据。},
	ISBN = {1004-471X},
	ISSN = {1004-471X},
	notes = {31-1532/TS},
	databaseprovider = {CNKI},
}

@Article{xiangningmengjingyoudui,
	author = {王舒婷 and 张楠 and 姚雷},
	title = {香柠檬精油对子代自闭症大鼠焦虑行为与认知能力的影响研究},
	journal = {天然产物研究与开发},
	year = {2020},
	authoraddress = {上海交通大学农业与生物学院;上海交通大学设计学院;},
	volume = {32},
	issue = {07},
	pages = {1124-1133},
	keywords = {自闭症;焦虑;认知行为;香柠檬精油;多巴胺;5-羟色胺},
	abstract = {为研究},
	ISBN = {1001-6880},
	ISSN = {1001-6880},
	notes = {51-1335/Q},
	databaseprovider = {CNKI},
}

@Article{chaoshengbofuzhushuizhengqi,
	author = {肖娟 and 周康 and 胡滨 and 苏赵},
	title = {超声波辅助水蒸气提取柠檬精油工艺优化及成分分析},
	journal = {食品与机械},
	year = {2018},
	authoraddress = {四川农业大学食品学院;},
	volume = {34},
	issue = {09},
	pages = {172-178+190},
	keywords = {柠檬精油;超声波辅助水蒸气蒸馏;气相色谱—质谱法;扫描电镜观察},
	abstract = {以柠檬果皮为原料,研究超声波辅助水蒸气蒸馏提取柠檬精油的最佳工艺条件。在单因素试验基础上,选取超声波功率、料液比、超声波时间及蒸馏时间为影响因素,以提取率为响应值,设计响应面试验;通过气相色谱—质谱法对柠檬精油的化学组分进行检测,采用扫描电镜对柠檬皮的微观结构进行观察。结果表明,最佳工艺条件为:超声波功率320W、液料比15.51(mL/g)、超声波时间36min、蒸馏时间140min,提取率可达1.97%;柠檬精油中共鉴定出26种化学成分,占总成分的96.16%,主要成分为柠檬烯;扫描电镜观察表明,超声波显著破坏原料细胞结构,促进了精油的快速释放。该工艺与水蒸气蒸馏提取相比,提取率相近,但明显缩短了提取时间。超声波辅助提取柠檬精油是一种有效的提取方法。},
	ISBN = {1003-5788},
	ISSN = {1003-5788},
	notes = {43-1183/TS},
	databaseprovider = {CNKI},
}

